@article{Friedel,
author ={Friedel, J.},
year  ={1958},
title  ={Metallic alloys},
journal  ={Il Nuovo Cimento (1955-1965)},
pages  ={287-311},
volume  ={7},
url  ={https://doi.org/10.1007/BF02751483},
doi  ={10.1007/BF02751483},
},
@article{Anderson,
	doi = {10.1088/0022-3719/3/12/008},
	url = {https://doi.org/10.1088/0022-3719/3/12/008},
	year = 1970,
	month = {dec},
	publisher = {{IOP} Publishing},
	volume = {3},
	number = {12},
	pages = {2436--2441},
	author = {P W Anderson},
	title = {A poor man{\textquotesingle}s derivation of scaling laws for the Kondo problem},
	journal = {Journal of Physics C: Solid State Physics},
}
@article{Kondo,
    author = {Kondo, Jun},
    title = "{Resistance Minimum in Dilute Magnetic Alloys}",
    journal = {Progress of Theoretical Physics},
    volume = {32},
    number = {1},
    pages = {37-49},
    year = {1964},
    month = {07},
    issn = {0033-068X},
    doi = {10.1143/PTP.32.37},
    url = {https://doi.org/10.1143/PTP.32.37},
    eprint = {https://academic.oup.com/ptp/article-pdf/32/1/37/5193092/32-1-37.pdf},
}
@article{Andrei,
title = {Calculation of the magnetoresistance in the Kondo model},
journal = {Physics Letters A},
volume = {87},
number = {6},
pages = {299-302},
year = {1982},
issn = {0375-9601},
doi = {https://doi.org/10.1016/0375-9601(82)90702-2},
url = {https://www.sciencedirect.com/science/article/pii/0375960182907022},
author = {N. Andrei},
}
@article{wiegmann,
title = {Exact solution of the s-d exchange model (Kondo problem)},
journal = {Journal of Physics C: Solid State Physics},
year = 1981,
month = {apr},
publisher = {{IOP} Publishing},
volume = {14},
number = {10},
pages = {1463-1478},
author = {P B Wiegmann},
doi = {10.1088/0022-3719/14/10/014},
url = {https://doi.org/10.1088/0022-3719/14/10/014},
}
@book{hewson,
    author =    "A. C. Hewson",
    title =      "The Kondo Problem to Heavy Fermions",
    year =         "1993",
    publisher =	"Cambridge University Press",
}
@book{sakurai,
    author =    "J. J. Sakurai",
    title =      "Modern Quantum Mechanics",
    year =         "1994",
    publisher =	"Addison Wesley Publishing Company",
}
@book{pethick,
    author =    "Jordon Baym and Christopher Pethick",
    title =      "Landau Fermi-Liquid Theory",
    year =         "1991",
    publisher =	"Wiley-VCH",
}
@book{phill,
    author =    "Philip Phillips",
    title =      "Advanced Solid State Physics",
    year =         "2003",
    publisher =	"Westview Press",
}
@book{piers,
    author =    "Piers Coleman",
    title =      "Introduction to Many-Body Physics",
    year =         "2015",
    publisher =	"Cambridge University Press",
}
@article{Tsvelick,
author = { A.M.   Tsvelick  and  P.B.   Wiegmann },
title = {Exact results in the theory of magnetic alloys},
journal = {Advances in Physics},
volume = {32},
number = {4},
pages = {453-713},
year  = {1983},
publisher = {Taylor \& Francis},
doi = {10.1080/00018738300101581},
URL = {https://doi.org/10.1080/00018738300101581},
eprint = {https://doi.org/10.1080/00018738300101581}
}
@article{holography1,
title = "Holographic unitary renormalization group for correlated electrons - I: A tensor network approach",
journal = "Nuclear Physics B",
volume = "960",
year = "2020",
doi = "https://doi.org/10.1016/j.nuclphysb.2020.115170",
url = "http://www.sciencedirect.com/science/article/pii/S055032132030256X",
author = "Anirban Mukherjee and Siddhartha Lal",
}
@article{abrikosov,
    author =       "A. A. Abrikosov",
    title = "Electron scattering on magnetic impurities in metals and anomalous resistivity effects",
    journal =      "Physics",
    volume =       "2",
    year =         "1965",
}
@article{poppov,
    author = "V. N. Popov and S. A. Fedotov",
    title = "The functional-integration method and diagram technique for spin systems",
    journal =      "J. Exp. Theor. Phys.",
    volume =       "67",
    year =         "1968",
}
@article{nozieres,
    author = "P. Nozières",
    title = "A Fermi-Liquid Description of the Kondo Problem at Low Temperatures",
    journal = "Journal of Low Temperature Physics",
    volume =       "17",
    year =         "1974",
}
@article{wilson,
    author = "k. G. Wilson",
    title = "The renorriialization group: Critical phenomena and the Kondo Problem",
    journal = "Reviews of Modern Physics",
    volume =       "47",
    year =         "1975",
}
@article{hewsonp,
    author = "A. C. Hewson",
    title = "Renorriialization group and Fermi liquid theory",
    journal = "Advances in Physics",
    volume = "43",
    year = "1994",
}
@article{langer,
author = {{Langer}, J.~S. and {Ambegaokar}, V.},
title = "{Friedel Sum Rule for a System of Interacting Electrons}",
journal = {Physical Review},
year = 1961,
volume = {121},
doi = {10.1103/PhysRev.121.1090},
}
@article{seki,
   title={Topological interpretation of the Luttinger theorem},
   volume={96},
   url={http://dx.doi.org/10.1103/PhysRevB.96.085124},
   DOI={10.1103/physrevb.96.085124},
   journal={Physical Review B},
   author={Seki, Kazuhiro and Yunoki, Seiji},
   year={2017},
}
@article{tatha,
  title = {Phase boundaries of power-law Anderson and Kondo models: A poor man's scaling study},
  author = {Cheng, Mengxing and Chowdhury, Tathagata and Mohammed, Aaron and Ingersent, Kevin},
  journal = {Phys. Rev. B},
  volume = {96},
  year = {2017},
  url = {https://link.aps.org/doi/10.1103/PhysRevB.96.045103}
}
@aRTICLE{raja,
       author = {{Haq}, Rukhsan Ul and {Vidhyadhiraja}, N.~S.},
        title = "{Scaling analysis of the extended single impurity Anderson model: Renormalization due to valence fluctuations}",
      journal = {arXiv e-prints},
         year = 2017,
       url = {https://ui.adsabs.harvard.edu/abs/2017arXiv171001550H},
}
@article{suzuki,
    author = {Suzuki, Kenji},
    title = "{Construction of Hermitian Effective Interaction in Nuclei: — General Relation between Hermitian and Non-Hermitian Forms —}",
    journal = {Progress of Theoretical Physics},
    volume = {68},
    year = {1982},
    doi = {10.1143/PTP.68.246},
    url = {https://doi.org/10.1143/PTP.68.246},
}
@article{martin,
  title		= {Fermi-surface sum rule and its consequences for periodic
		  kondo and mixed-valence systems},
  author	= {Martin, Richard M},
  journal	= {Physical Review Letters},
  volume	= {48},
  number	= {5},
  pages		= {362},
  year		= {1982},
  publisher	= {APS}
}
@article{Schrieffer_Wolff,
  title = {Relation between the Anderson and Kondo Hamiltonians},
  author = {Schrieffer, J. R. and Wolff, P. A.},
  journal = {Phys. Rev.},
  volume = {149},
  issue = {2},
  pages = {491--492},
  numpages = {0},
  year = {1966},
  month = {Sep},
  publisher = {American Physical Society},
  doi = {10.1103/PhysRev.149.491},
  url = {https://link.aps.org/doi/10.1103/PhysRev.149.491}
}
@article{haldane,
  title = {Scaling Theory of the Asymmetric Anderson Model},
  author = {Haldane, F. D. M.},
  journal = {Phys. Rev. Lett.},
  volume = {40},
  issue = {6},
  pages = {416--419},
  numpages = {0},
  year = {1978},
  month = {Feb},
  publisher = {American Physical Society},
  doi = {10.1103/PhysRevLett.40.416},
  url = {https://link.aps.org/doi/10.1103/PhysRevLett.40.416}
}
@article{Jefferson,
doi = {10.1088/0022-3719/10/18/023},
url = {https://doi.org/10.1088/0022-3719/10/18/023},
year = 1977,
month = {sep},
publisher = {{IOP} Publishing},
volume = {10},
number = {18},
pages = {3589--3599},
author = {J H Jefferson},
title = {A renormalisation group approach to the mixed valence problem},
journal = {Journal of Physics C: Solid State Physics},
}
@article{glazek-wilson,
  title = {Renormalization of Hamiltonians},
  author = {G\l{}azek, Stanis\l{}aw D. and Wilson, Kenneth G.},
  journal = {Phys. Rev. D},
  volume = {48},
  issue = {12},
  pages = {5863--5872},
  numpages = {0},
  year = {1993},
  month = {Dec},
  publisher = {American Physical Society},
  doi = {10.1103/PhysRevD.48.5863},
  url = {https://link.aps.org/doi/10.1103/PhysRevD.48.5863}
}
@book{kehrein,
author="Stefan Kehrein",
title="The Flow Equation Approach to Many-Particle Systems",
year="2006",
publisher="Springer-Verlag Berlin Heidelberg",
}
@article{wegner_normal,
	doi = {10.1088/0305-4470/39/6/001},
	url = {https://doi.org/10.1088/0305-4470/39/6/001},
	year = 2006,
	month = {jan},
	publisher = {{IOP} Publishing},
	volume = {39},
	number = {6},
	pages = {1231--1237},
	author = {Elmar Körding and Franz Wegner},
	title = {Flow equations and normal ordering},
	journal = {Journal of Physics A: Mathematical and General},
}
@article{nambu,
  title = {Quasi-Particles and Gauge Invariance in the Theory of Superconductivity},
  author = {Nambu, Yoichiro},
  journal = {Phys. Rev.},
  volume = {117},
  issue = {3},
  pages = {648--663},
  numpages = {0},
  year = {1960},
  month = {Feb},
  publisher = {American Physical Society},
  doi = {10.1103/PhysRev.117.648},
  url = {https://link.aps.org/doi/10.1103/PhysRev.117.648}
}
@article{anderson_superc,
  title = {Random-Phase Approximation in the Theory of Superconductivity},
  author = {Anderson, P. W.},
  journal = {Phys. Rev.},
  volume = {112},
  issue = {6},
  pages = {1900--1916},
  numpages = {0},
  year = {1958},
  month = {Dec},
  publisher = {American Physical Society},
  doi = {10.1103/PhysRev.112.1900},
  url = {https://link.aps.org/doi/10.1103/PhysRev.112.1900}
}
@article{charge-kondo-Zitko,
  title = {Spin-charge separation and simultaneous spin and charge Kondo effect},
  author = {\ifmmode \check{Z}\else \v{Z}\fi{}itko, Rok and Bon\ifmmode \check{c}\else \v{c}\fi{}a, Janez},
  journal = {Phys. Rev. B},
  volume = {74},
  issue = {22},
  pages = {224411},
  numpages = {12},
  year = {2006},
  month = {Dec},
  publisher = {American Physical Society},
  doi = {10.1103/PhysRevB.74.224411},
  url = {https://link.aps.org/doi/10.1103/PhysRevB.74.224411}
}
